@inbook{Hassenzahl2003,
    author = {Hassenzahl, Marc},
    chapter = {The Thing and I: Understanding the Relationship between User and Product},
    citeulike-article-id = {1418767},
    editor = {Blythe, Mark A. and Overbeeke, Kees and Monk, Andrew F. and Wright, Peter C.},
    keywords = {bibtex-import},
    pages = {31--42},
    posted-at = {2007-06-28 10:36:17},
    priority = {2},
    publisher = {Kluwer Academic Publishers},
    title = {{Funology: From Usability to Enjoyment}},
    year = {2003}
}